@phdthesis{decontruct_thesis,
	author = {Jonathan D. Chambers}, 
	title = {Developing a rapid, scalable method of thermal characterisation for UK dwellings using smart meter data},
	school = {University College London (UCL)},
	year = 2017,
}

@book{bayesian_hackers, 
	author = {Davidson-Pilon, Cameron},
	title = {Bayesian Methods for Hackers: Probabilistic Programming and Bayesian Inference}, 
	year = {2015}, 
	publisher = {Addison-Wesley Professional}
 }
 
@book{bayesian_analysis,
	author={Martin, Osvaldo},
	title={Bayesian Analysis with Python: Introduction to statistical modeling and probabilistic programming using PyMC3 and ArviZ},
  	year={2018},
  	publisher={Packt Publishing}
}